<record><leader>00000cas a2200000 a 4500</leader><controlfield tag="001">31626538</controlfield><controlfield tag="008">941207d19181928azuwr ne      0    0eng d</controlfield><datafield ind1=" " ind2=" " tag="010"><subfield code="a">sn 94050534 </subfield></datafield><datafield ind1=" " ind2=" " tag="040"><subfield code="a">ANN</subfield><subfield code="b">eng</subfield><subfield code="c">ANN</subfield><subfield code="d">OCLCQ</subfield><subfield code="d">OCLCF</subfield><subfield code="d">OCLCO</subfield></datafield><datafield ind1=" " ind2=" " tag="042"><subfield code="a">msc</subfield></datafield><datafield ind1=" " ind2=" " tag="043"><subfield code="a">n-us-az</subfield></datafield><datafield ind1="0" ind2=" " tag="130"><subfield code="a">Bulletin (Casa Grande, Ariz. : 1918)</subfield></datafield><datafield ind1="1" ind2="4" tag="245"><subfield code="a">The Bulletin.</subfield></datafield><datafield ind1=" " ind2=" " tag="260"><subfield code="a">Casa Grande, Ariz. :</subfield><subfield code="b">W.P. Clement</subfield></datafield><datafield ind1=" " ind2=" " tag="300"><subfield code="a">v. :</subfield><subfield code="b">ill.</subfield></datafield><datafield ind1=" " ind2=" " tag="310"><subfield code="a">Weekly</subfield></datafield><datafield ind1="1" ind2=" " tag="362"><subfield code="a">Began in 1918; ceased in 1928.</subfield></datafield><datafield ind1=" " ind2=" " tag="500"><subfield code="a">Publisher: Ted Healy, &lt;1923-1928&gt;.</subfield></datafield><datafield ind1=" " ind2=" " tag="515"><subfield code="a">Some numbers issued out of chronological order: numbering for Vol. 12 in 1922 is repeated in 1923; issues for 1928 numbered as Vol. 25.</subfield></datafield><datafield ind1=" " ind2=" " tag="515"><subfield code="a">Some issues lack volume numbering.</subfield></datafield><datafield ind1=" " ind2=" " tag="580"><subfield code="a">Merged with: Casa Grande Valley dispatch (Casa Grande, Ariz. : 1918), to form: Casa Grande Valley dispatch and the bulletin (Casa Grande, Ariz. : 1928).</subfield></datafield><datafield ind1=" " ind2=" " tag="588"><subfield code="a">Description based on: Vol. 8, no. 3 (Feb. 2, 1918).</subfield></datafield><datafield ind1=" " ind2="0" tag="651"><subfield code="a">Casa Grande (Ariz.)</subfield><subfield code="v">Newspapers.</subfield></datafield><datafield ind1=" " ind2="0" tag="651"><subfield code="a">Pinal County (Ariz.)</subfield><subfield code="v">Newspapers.</subfield></datafield><datafield ind1=" " ind2="7" tag="655"><subfield code="a">Newspapers.</subfield><subfield code="2">fast</subfield><subfield code="0">(OCoLC)fst01423814</subfield></datafield><datafield ind1=" " ind2="7" tag="651"><subfield code="a">Arizona</subfield><subfield code="z">Casa Grande.</subfield><subfield code="2">fast</subfield><subfield code="0">(OCoLC)fst01221741</subfield></datafield><datafield ind1=" " ind2="7" tag="651"><subfield code="a">Arizona</subfield><subfield code="z">Pinal County.</subfield><subfield code="2">fast</subfield><subfield code="0">(OCoLC)fst01206040</subfield></datafield><datafield ind1=" " ind2=" " tag="752"><subfield code="a">United States</subfield><subfield code="b">Arizona</subfield><subfield code="c">Pinal</subfield><subfield code="d">Casa Grande.</subfield></datafield><datafield ind1="0" ind2="7" tag="780"><subfield code="t">Casa Grande Valley dispatch and the bulletin (Casa Grande, Ariz. : 1917)</subfield><subfield code="w">(DLC)sn 94050533</subfield></datafield><datafield ind1="1" ind2="7" tag="785"><subfield code="t">Casa Grande Valley dispatch (Casa Grande, Ariz. : 1918)</subfield><subfield code="w">(DLC)sn 94050535</subfield></datafield><datafield ind1="1" ind2="7" tag="785"><subfield code="t">Casa Grande Valley dispatch and the bulletin (Casa Grande, Ariz. : 1928)</subfield><subfield code="w">(DLC)sn 94050536</subfield></datafield></record>